@inproceedings{Maule:ImpactAnalysis,
 author = {Maule, Andy and Emmerich, Wolfgang and Rosenblum, David S.},
 title = {Impact analysis of database schema changes},
 booktitle = {Proceedings of the 30th international conference on Software engineering},
 series = {ICSE '08},
 year = {2008},
 isbn = {978-1-60558-079-1},
 location = {Leipzig, Germany},
 pages = {451--460},
 numpages = {10},
 url = {http://doi.acm.org/10.1145/1368088.1368150},
 doi = {10.1145/1368088.1368150},
 acmid = {1368150},
 publisher = {ACM},
 address = {New York, NY, USA},
 keywords = {impact analysis},
} 

@inproceedings{Wedemeijer:ConceptualMetrics,
 author = {Wedemeijer, Lex},
 title = {Defining Metrics for Conceptual Schema Evolution},
 booktitle = {Selected papers from the 9th International Workshop on Foundations of Models and Languages for Data and Objects, Database Schema Evolution and Meta-Modeling},
 series = {FoMLaDO/DEMM 2000},
 year = {2001},
 isbn = {3-540-42272-2},
 pages = {220--244},
 numpages = {25},
 url = {http://dl.acm.org/citation.cfm?id=646201.681972},
 acmid = {681972},
 publisher = {Springer-Verlag},
 address = {London, UK, UK},
} 
